@proceeding{test1,
  author   = "P. J. Cohen",
  title    = "The independence of the continuum hypothesis",
  journal  = "Proceedings of the National Academy of Sciences",
  year     = 1963,
  volume   = "50",
  number   = "6",
  pages    = "1143--1148",
}

@article{test2,
  author   = "Albert Einstein",
  title    = "Concerning an heuristic point of view toward the emission and transformation of light",
  journal  = "Annalen Phys",
  year     = 1905,
  pages    = "132--148",
}
